@misc{
	unix,
	author="Ю. Вахалия",
	title="UNIX изнутри",
}

@misc{
	wind,
	author="М. Руссинович Д. Соломон",
	title="Внутреннее устройство Microsoft Windows",
}
@misc{levenshtein,
	title="Вычисление редакционного расстояния [Электронный ресурс]",
	howpublished="Режим доступа: \url{https://habr.com/ru/post/117063/} (дата обращения: 17.09.2022)"
}